2880 5032
733 373 774 439 28

246 576 403 660 Ptolemy‚
419 598 454 640 as
472 597 519 642 we
542 574 624 641 have
646 596 717 640 seen
741 573 787 661 (p.
804 576 871 662 26),
887 574 1004 640 defines
1028 572 1174 660 φθόγγος
1197 574 1231 639 in
1255 574 1312 641 the

202 678 305 744 words
321 676 462 763 (Ham,
479 696 504 742 1.
520 677 577 760 iv.,
593 699 623 762 p.
641 680 660 742 9
677 675 827 764 Wallis):
858 676 1005 762 φθόγγος
1025 675 1098 743 ἐστὶ
1115 675 1232 764 ψόφος
1253 677 1313 744 ἕνα

203 780 260 846 καὶ
275 777 332 845 τὸν
348 776 448 845 αὐτὸν
464 778 594 866 ἐπέχων
610 775 714 844 τόνον.

247 881 469 962 Nicomachus,
496 880 687 945 Ιιαιοιοαῦοιο
712 881 866 963 manuale,
890 883 921 964 4,
945 903 976 967 p.
1002 880 1021 945 7
1045 879 1145 947 Meib.
1174 881 1221 967 (p.
1246 882 1312 946 242

203 983 249 1050 K.
258 984 319 1050 v.J
321 984 363 1069 )
388 981 535 1050 καθόλου
553 983 618 1071 γάρ
637 988 745 1068 φαμεν
760 980 877 1069 ψόφον
892 982 953 1068 μὲν
971 982 1055 1050 εἶναι
1073 985 1200 1067 πλῆξιν
1215 981 1313 1068 ἀέρος

203 1085 373 1172 ἄθρυπτον
387 1085 488 1173 μέχρι
503 1086 615 1168 ἀκοῆς·
640 1079 789 1170 φθόγγον
808 1084 853 1159 δέ,
870 1090 981 1171 φωνῆς
996 1087 1157 1170 ἐμμελοῦς
1171 1085 1313 1168 ἀπλατῆ

204 1188 313 1254 τάσιν·
344 1188 443 1254 τάσιν
469 1186 504 1252 δὲ
530 1185 634 1270 μονήν
659 1213 735 1252 τινα
763 1186 819 1252 καὶ
847 1181 1036 1267 ταύτότητα
1062 1185 1149 1252 κατὰ
1174 1185 1314 1271 μέγεθος

205 1285 355 1374 φθόγγου
376 1288 593 1355 ἀδιαστάτου.

247 1390 346 1475 Ιάόά.,
371 1393 422 1473 12,
445 1414 477 1477 p.
503 1391 545 1455 24
566 1388 666 1456 Meib.
692 1390 736 1477 (p.
761 1391 823 1455 261
847 1388 893 1455 Κ.
914 1413 945 1457 v.
965 1387 1034 1476 J.):
1066 1385 1213 1476 φθόγγος
1236 1389 1314 1456 ἐστὶ
1414 1425 1415 1428 “

205 1493 297 1579 φωνῆ
315 1491 437 1577 ἄτομος
455 1492 523 1559 οἷον
541 1491 642 1576 μονάς
664 1490 736 1557 κατ’
752 1491 866 1574 ἀκοήν·
888 1493 931 1564 ὡς
951 1491 986 1558 δὲ
1007 1491 1040 1558 οἱ
1058 1492 1218 1580 νεώτεροι,
1239 1491 1312 1559 ἐπό-

204 1621 332 1667 πτωσις
351 1601 461 1680 φωνῆς
480 1594 536 1661 ἐπὶ
553 1590 633 1678 μίαν
650 1593 750 1659 τάσιν
771 1593 827 1660 καὶ
847 1593 973 1677 ἁπλῆν.
1018 1593 1062 1666 ὡς
1080 1591 1107 1658 δ’
1120 1592 1209 1669 ένιοι,
1229 1594 1314 1683 ῆχος

203 1695 359 1779 ἀπλατῆς
375 1693 462 1761 κατὰ
477 1691 580 1761 τόπον
595 1693 807 1767 ἀδιάστατος.

248 1798 432 1885 Porphyry,
447 1798 481 1862 in
506 1797 555 1862 his
577 1807 792 1883 commentary
808 1820 849 1863 on
873 1798 927 1862 the
948 1797 1051 1865 above
1074 1819 1206 1885 passage
1228 1797 1313 1863 from

205 1900 380 1986 Ptolemy’s
400 1899 602 1982 Ηαυιιιοιιόοο,
622 1920 694 1984 says
716 1899 786 1964 that
808 1898 958 1985 Ptolemy
977 1899 1120 1986 changed
1142 1899 1197 1966 the
1219 1900 1312 1966 usual

204 2002 369 2068 definition
386 2001 424 2067 of
438 1999 595 2087 φθόγγος.

248 2104 431 2190 Porphyry‚
454 2125 558 2168 οοιαυι.
582 2102 626 2167 ad
648 2103 744 2188 Ptol„
766 2125 792 2168 ο.
817 2103 873 2187 iv.,
897 2127 928 2190 p.
953 2105 1017 2170 262
1042 2102 1180 2171 Wallis:
1226 2104 1314 2170 Εἶτα

204 2205 409 2272 ἀποδίδωσιν
426 2204 502 2291 ὅρον
520 2210 578 2273 τοῦ
597 2201 757 2290 φθόγγου,
774 2200 921 2291 φθόγγος
941 2206 1006 2292 γάρ
1025 2209 1099 2274 ἐστι
1119 2202 1234 2293 ψόφος
1255 2205 1314 2273 ἕνα

205 2307 261 2373 καὶ
284 2304 341 2373 τάν
364 2305 463 2373 αὐτὸν
486 2306 616 2395 ἐπέχων
639 2301 744 2381 τόνον,
764 2303 859 2373 τόνον
877 2307 937 2391 μὲν
954 2307 1141 2392 λαμβάνων
1158 2307 1234 2374 ἀντὶ
1252 2312 1314 2391 τῆς

205 2409 332 2480 τάσεως
347 2407 498 2496 καθάπερ
514 2407 576 2491 ἤδη
593 2406 763 2496 κέχρηται,
779 2407 856 2481 τοὺς
872 2407 906 2475 δέ
925 2409 1122 2495 φερομένους
1140 2409 1234 2495 όρονς
1252 2415 1314 2478 τοῦ

205 2505 356 2596 φθόγγον
378 2508 591 2595 μεταλαβών.
637 2509 794 2595 φέρονται
819 2507 884 2596 γάρ
912 2511 1014 2578 αὐτοῦ
1039 2509 1110 2596 ὅροι
1136 2509 1229 2596 παρά
1252 2510 1314 2596 μὲν

205 2616 273 2684 τοῖς
299 2611 547 2697 Πυθαγορείοις,
572 2606 719 2697 φθόγγος
745 2611 819 2678 ἐστὶ
844 2607 961 2699 ψόφος
989 2611 1082 2698 παρὰ
1107 2613 1187 2697 μίαν
1212 2612 1315 2680 τάσιν

205 2709 430 2799 ἐκφερόμενος,
446 2712 539 2799 παρά
555 2712 589 2778 δὲ
604 2716 673 2785 τοῖς
683 2711 939 2801 Ἀριστοξενίοις
954 2710 1101 2800 φθόγγος
1113 2714 1187 2781 ἐστὶ
1203 2721 1314 2800 φωνῆς

205 2819 366 2901 ἐμμελοῦς
388 2818 517 2887 πτῶσις
540 2814 596 2881 ἐπὶ
614 2812 693 2899 μίαν
712 2815 820 2890 τάσιν,
839 2815 861 2898 ῆ
884 2815 1027 2901 ἐμμελὴς
1050 2821 1160 2902 φωνῆς
1182 2820 1314 2890 πτῶσις
1422 2816 1424 2822 “

205 2919 261 2986 ἐπὶ
273 2917 352 3002 μίαν
367 2917 476 2983 τάσιν.
509 2922 619 3002 φωνῆς
633 2915 693 3000 μὲν
708 2918 869 3001 ἐμμελοῦς
884 2918 1012 3003 εἴρηται
1028 2919 1163 3005 ἐπείπερ
1180 2919 1218 2984 οῦ
1234 2918 1312 3007 περὶ

205 3022 317 3100 πάσης
338 3025 449 3105 φωνῆς
470 3016 486 3084 ἀ
509 3014 620 3102 λόγος,
644 3018 738 3084 ἀλλά
758 3044 856 3094 τινος,
879 3019 1034 3086 τουτέστι
1057 3026 1116 3103 τῆς
1138 3022 1311 3105 ἐμμελοῦς.

205 3125 330 3207 ἐμμελῆ
362 3120 396 3186 δὲ
427 3119 538 3206 φωνῆν
569 3119 628 3201 τῆν
659 3119 761 3202 αὐτὴν
791 3123 831 3206 τῇ
862 3119 1107 3207 διαστηματικῇ
1133 3121 1311 3206 τιθέμενος.

204 3224 278 3290 ὅθεν
301 3222 435 3307 δυνάμει
458 3219 696 3305 τὸλεγόμενον
717 3220 777 3306 μέν
800 3223 874 3288 ἐστι
899 3228 1010 3308 φωνῆς
1036 3221 1310 3308 διαστηματικῆς.

205 3322 450 3409 διαστηματικῆ
478 3323 513 3389 δὲ
536 3322 628 3409 φωνή
657 3324 748 3389 ἐστιν
774 3326 794 3406 ῆ
821 3321 904 3411 πρὸς
926 3325 1028 3409 μέλος
1051 3323 1245 3408 ἐπιτήδειος,
1269 3325 1311 3408 ῆν

204 3425 463 3494 διαστέλλονται
486 3423 568 3511 πρὸς
591 3424 651 3508 τῆν
674 3423 761 3491 κατὰ
782 3424 843 3498 τάς
870 3424 1002 3511 ὁμιλίας
1028 3426 1074 3499 εἰς
1100 3425 1159 3509 τῆν
1185 3432 1312 3514 χρῆσιν

204 3526 565 3614 παραλαμβανομένην,
581 3528 622 3611 ῆν
638 3534 764 3616 συνεχῆ
781 3555 817 3594 τε
833 3528 890 3594 καὶ
904 3528 1046 3612 λογικὴν
1065 3533 1180 3595 καλεῖν
1198 3529 1312 3598 εἴωθεν

205 3623 478 3716 ἀἈριστόξενος.
523 3632 653 3701 πτῶσις
677 3628 711 3695 δὲ
735 3628 789 3695 διά
812 3628 849 3696 τὸ
873 3629 934 3713 τῆν
955 3630 1015 3715 μὲν
1038 3636 1164 3717 συνεχῆ
1188 3630 1311 3698 ὡσανεὶ

204 3734 358 3800 ἐστῶσαν
381 3730 473 3806 εἶναι,
493 3730 553 3814 τῆν
573 3730 685 3816 μέντοι
708 3730 973 3816 διαστηματικῆν
995 3732 1055 3815 τῆν
1077 3728 1242 3819 ὀρθότητα
1263 3733 1310 3817 μῆ

204 3835 378 3916 σώζουσαν
394 3833 591 3909 κεκλάσθαι,
609 3832 666 3899 καὶ
683 3833 862 3922 μονονουχὶ
877 3831 945 3899 ἀπὸ
961 3839 1019 3902 τοῦ
1035 3834 1172 3901 ἑστάναι
1187 3841 1312 3903 πεσοῦ-

204 3964 279 4011 σαν,
295 3937 420 4020 ἐμμελῆ
436 3936 615 4019 γεγονέναι.
655 3932 705 4001 διὸ
722 3934 779 4000 καὶ
794 3933 832 4000 τὸ
847 3934 949 4020 μέλος
964 3931 1165 4001 ἀποδιδόασι
1184 3941 1311 4003 κλάσιν

205 4040 315 4123 φωνῆς
318 4086 459 4104 .....
483 4034 520 4102 τὸ
540 4034 567 4100 δ’
583 4036 639 4103 ἐπὶ
656 4035 737 4122 μίαν
757 4037 866 4113 τάσιν,
883 4038 955 4104 ἐπεὶ
978 4035 1091 4122 τὸμὲν
1114 4037 1193 4104 όλον
1207 4036 1311 4122 μέλος

205 4137 335 4211 πτῶσίς
350 4141 443 4205 ἐστιν
454 4138 511 4205 ἐπὶ
522 4137 657 4212 πολλάς
668 4139 792 4215 τάσεις,
806 4138 863 4206 καὶ
873 4139 1041 4212 τοσαύτας
1055 4137 1138 4212 ὅσας
1152 4140 1188 4206 ἐν
1202 4140 1310 4230 ἐαυτῷ
