2880 5032
694 398 737 464 32

207 599 286 666 Two
304 605 392 665 notes
411 621 447 665 or
464 599 597 665 musical
618 598 737 666 sounds
754 621 807 666 ere
824 599 894 666 said
913 607 948 667 to
966 599 1050 666 form
1068 621 1110 666 an
1129 598 1271 667 interval

164 702 254 768 when
274 701 350 787 they
364 700 458 766 differ
476 701 509 765 in
525 701 632 787 pitoh;
655 724 700 785 or,
716 724 756 766 nn
775 701 914 770 interval
933 702 961 768 is
979 702 1034 768 the
1048 701 1217 768 differenue
1231 723 1272 767 or

162 804 303 870 distance
318 803 351 868 in
367 803 452 889 pitoh
468 803 608 871 between
625 813 689 871 two
704 811 802 870 notes.

207 905 277 970 The
294 904 476 971 definitions
497 904 535 971 oi
552 904 688 972 interval
712 905 746 970 in
767 905 821 971 the
843 905 950 972 Greek
971 905 1104 972 musical
1126 904 1271 972 treatises

164 1007 231 1074 will
250 1029 323 1074 now
339 1007 377 1072 be
391 1005 518 1094 quoted.

95 1097 96 1100 ¹
206 1110 430 1191 Aristoxenus,
442 1109 571 1192 Homo,
587 1127 611 1174 1.
628 1109 644 1186 5
660 1110 714 1193 37,
729 1133 761 1195 p.
776 1112 817 1175 15
829 1109 947 1176 Meib.:
972 1109 1141 1196 διάστημα
1156 1107 1183 1176 δ’
1194 1108 1270 1176 ἐστὶ

161 1209 199 1278 τὸ
216 1209 280 1278 ύπδ
300 1209 357 1278 δύο
375 1206 532 1295 φθόγγων
548 1210 729 1296 ὡρισμένον
743 1211 788 1296 μὴ
804 1211 864 1294 τὴν
879 1211 982 1295 αὐτὴν
997 1211 1096 1278 τάσιν
1111 1207 1270 1300 ἐχόντων.

162 1313 315 1399 φαίνεται
335 1311 410 1397 γὰρ,
430 1313 473 1383 ὡς
493 1310 587 1398 τύπῳ
608 1312 722 1388 εἰπεῖν,
741 1311 885 1399 διαφορά
906 1341 955 1386 τις
976 1312 1059 1380 εἶναι
1080 1312 1210 1379 τάσεωυ
1229 1309 1270 1378 τό

162 1414 330 1499 διάστημα
342 1413 398 1480 καὶ
410 1410 512 1485 τόπος
524 1412 672 1486 δεκτικὸς
684 1411 841 1500 φθόγγων
851 1414 1014 1501 ἀξυτέρων
1021 1415 1082 1500 μὲν
1092 1421 1152 1500 τῆς
1160 1417 1269 1501 βαρυ-

162 1517 259 1603 τέρας
273 1519 339 1582 τῶν
358 1514 539 1602 ὁριζουσῶν
554 1514 592 1582 τό
611 1514 780 1602 διάστημα
794 1517 932 1592 τάσεων,
948 1517 1143 1606 βαρυτέρων
1158 1515 1193 1583 δὲ
1209 1522 1271 1601 τῆς

163 1617 329 1704 ὀξυτέρας.

206 1719 395 1805 Thrasyllus
412 1718 499 1806 apud
520 1718 683 1785 Theonem
701 1719 924 1807 Smyrnaeum,
940 1720 978 1786 de
994 1720 1124 1804 musico,
1142 1742 1169 1786 e.
1186 1723 1218 1800 3,
1234 1742 1268 1806 p.

161 1824 203 1888 48
217 1821 343 1887 Hiller:
363 1819 533 1907 διάστημα
548 1819 583 1887 δέ
599 1827 702 1906 φησιν
717 1821 801 1888 εἶναι
817 1817 973 1907 φθόγγων
988 1821 1048 1904 τὴν
1063 1819 1147 1908 πρὸς
1158 1820 1269 1904 ἀλλή-

161 1932 242 1998 λους
257 1923 358 1991 ποιὰν
373 1922 505 2011 σχέσιν,
518 1922 586 1988 οἷον
601 1920 656 1988 διδ
671 1924 854 2010 τεσσάρων,
872 1922 926 1990 διά
941 1923 1049 2000 πέντε,
1065 1922 1120 1990 διδ
1135 1926 1269 1990 πασῶν.

206 2025 370 2107 Plutarch,
388 2026 426 2089 de
443 2025 567 2089 ouimoe
579 2026 803 2111 procreatione,
820 2026 913 2109 xvii,
930 2028 1016 2092 1020
1031 2025 1081 2092 E:
1109 2025 1183 2092 ἔστι
1203 2023 1269 2112 γὰρ

163 2127 332 2214 διάστημα
342 2129 376 2194 ἐν
386 2125 535 2215 μελῳδία
549 2131 617 2193 πᾶν
629 2124 667 2193 τό
678 2122 914 2216 περιεχόμενον
925 2126 990 2194 ὑπὸ
1006 2126 1096 2194 δυοῖν
1111 2122 1271 2212 φθόγγων
1308 2158 1312 2165 ·

162 2230 325 2314 ἀνομοίων
339 2231 380 2314 τῇ
395 2228 502 2295 τάσει.

206 2330 355 2417 Ptolemy
366 2329 440 2396 does
451 2338 507 2396 not
521 2351 603 2396 seem
619 2337 652 2397 to
667 2330 742 2418 give
752 2354 771 2396 a
782 2330 947 2398 definition
960 2331 1000 2397 of
1009 2329 1146 2398 interval
1159 2329 1269 2396 unless

163 2456 221 2500 one
236 2434 263 2498 is
278 2432 443 2499 contained
460 2432 492 2496 in
509 2431 563 2497 the
578 2431 745 2520 following
761 2432 876 2500 words.

207 2535 366 2621 Ptolemy,
382 2535 510 2618 Horon,
526 2553 551 2600 1.
567 2533 625 2618 iii,
640 2559 671 2621 p.
689 2536 708 2600 7
726 2535 862 2602 Wnllis:
890 2535 1030 2617 ἔοικενῆ
1047 2533 1134 2601 κατά
1152 2531 1190 2601 τὸ
1209 2532 1269 2618 ὀξὺ

162 2637 219 2704 καὶ
233 2636 325 2723 βαρὺ
340 2640 406 2703 τῶν
420 2632 547 2724 ψόφων
562 2634 705 2722 διαφορὰ
720 2635 908 2720 ποσότητος
923 2635 1007 2711 εἶδος
1021 2635 1107 2703 εἶναι’
1119 2663 1163 2704 τι.

206 2739 323 2804 Aelian
343 2739 377 2803 in
399 2737 582 2824 Porphyry,
601 2740 835 2804 oommeotoriue
853 2739 889 2804 iu
909 2739 1127 2823 Ptolemaeum,
1147 2761 1180 2825 p.
1203 2738 1267 2804 217

164 2840 301 2909 Wullis:
345 2839 516 2925 συμφανὲς
541 2838 592 2906 ότι
623 2838 699 2924 ὀξύς
730 2837 876 2926 φθόγγος
901 2838 969 2907 ἀπὸ
996 2845 1055 2908 τοῦ
1079 2839 1270 2928 βαρυτέρου

163 2942 329 3027 διάστημα
348 2941 546 3027 ἀφέστηκεν·
569 2941 664 3024 καὶὴ
684 2940 826 3028 διαφορὰ
846 2947 906 3010 τοῦ
924 2941 1080 3030 ὀξυτέρου
1097 2941 1191 3030 παρὰ
1211 2938 1270 3008 τδν

160 3044 347 3131 βαρύτερον
369 3039 527 3128 φθόγγον,
550 3042 607 3108 καὶ
629 3048 688 3111 τού
707 3043 895 3130 βαρυτέρου
916 3041 1011 3129 παρὰ
1033 3042 1091 3110 τὸν
1113 3042 1270 3130 ὀξύτερον

162 3151 315 3213 καλεῖται
327 3144 505 3229 διάστημα.
537 3143 581 3231 (p.
595 3144 673 3233 218)
689 3145 746 3211 καὶ
758 3145 860 3219 οὕτως
876 3143 1019 3231 ὁρίζεται
1033 3143 1072 3211 τὸ
1088 3143 1269 3230 διάστημα·

162 3246 251 3314 δυοῖν
266 3243 422 3333 φθόγγων
437 3247 599 3331 ἀνομοίων
613 3245 749 3331 ὀξύτητι
765 3247 822 3313 καὶ
837 3246 1003 3333 βαρύτητι
1019 3246 1186 3335 διαφέρον.

205 3350 239 3416 Ν
241 3348 429 3432 inomnehuS,
443 3348 635 3414 hormooiees
649 3350 803 3433 ιιιααυαῖι,
819 3352 850 3433 4,
867 3372 920 3436 pp.
939 3349 969 3433 7,
986 3353 1005 3416 8
1021 3348 1122 3415 Meib.
1138 3347 1184 3436 (p.
1202 3349 1269 3414 243

163 3452 322 3539 K.v.J.:)
342 3450 509 3535 διάστημα
524 3450 559 3516 δὲ
575 3448 650 3517 ὁδόν
665 3450 766 3517 ποιάν
780 3449 848 3518 ἀπδ
858 3451 1049 3539 βαρύτητος
1063 3451 1109 3524 εἰς
1124 3449 1272 3535 ὀξύτητα

163 3554 184 3639 ἢ
200 3552 381 3620 ἀνάπαλιν.

207 3655 306 3738 Isto,
324 3656 376 3739 12,
395 3678 426 3741 p.
444 3656 486 3718 24
502 3654 601 3720 Meib.
621 3657 667 3741 (p.
684 3656 746 3720 261
765 3654 811 3721 K.
819 3655 882 3722 v.J
885 3658 927 3741 .):
959 3653 1128 3740 διάστημα
1150 3651 1270 3722 δ’ἐστὶ

163 3757 253 3823 δυοῖν
268 3752 425 3844 φθόγγων
438 3754 633 3841 μεταξύτης.

207 3858 363 3925 Buoohius
385 3857 505 3941 Senior,
524 3858 722 3942 introductio,
742 3882 772 3944 p.
793 3860 812 3922 2
833 3857 933 3924 Meib.
953 3857 998 3946 (p.
1019 3859 1082 3924 292
1102 3857 1187 3924 Κ.υ.
1198 3857 1271 3945 J)

163 3961 343 4046 Διάστημα
359 3959 392 4026 δὲ
408 3959 442 4027 τό
456 3962 529 4027 ἐστι
538 3961 750 4048 ,·-Διαφορδ
770 3959 826 4028 δύο
846 3955 1001 4045 φθόγγων
1016 3959 1178 4045 ἀνομοίων
1194 3958 1271 4044 ἀξύ-

163 4089 238 4145 τητι
255 4063 312 4130 καὶ
326 4062 504 4150 βαρύτητι.
