2850 5024
652 405 692 470 31

121 603 179 670 See
194 604 376 692 Porphyry,
392 606 413 673 l.
425 603 513 693 o.-(p.
530 604 638 694 lun).
684 605 726 671 In
746 606 903 672 Baoohius
919 602 1063 693 φθόγγοι
1078 608 1229 691 ἐμμελεῖς

120 729 175 773 are
189 707 328 794 opposed
343 715 377 773 to
392 704 536 794 φθόγγοι
552 709 657 790 πεζοί.

165 809 332 893 Bacchius,
347 811 472 893 μιμοῦ,
488 813 581 894 1169,
597 833 651 897 pp.
670 814 721 894 16,
740 814 780 876 17
796 811 898 878 Meib.
915 811 960 899 (p.
977 814 1041 878 307
1055 810 1101 878 K.
1115 835 1147 877 v.
1164 808 1230 897 J.):

122 907 287 997 Φθόγγων
302 911 337 978 δὲ
351 909 445 978 πόσα
458 912 600 997 λέγομεν
615 912 700 979 εῖναι
716 913 794 998 γένη
804 913 941 989 ,·-Δῦο.
982 913 1109 981 τοῦτον
1124 911 1159 978 δὲ
1175 913 1231 983 οῦς

121 1013 183 1098 μὲν
197 1015 348 1098 ἐμμελεῖς
365 1019 540 1099 καλοῦμεν,
557 1014 612 1086 οῦς
627 1013 662 1080 δὲ
678 1015 807 1096 πεζοῦς.

166 1113 340 1200 Ἐμμελεῖς
355 1115 447 1182 ποῖοί
464 1115 549 1182 εἰσιν
560 1117 679 1192 ;-οῖς
695 1117 728 1183 οἱ
741 1116 873 1206 ᾄδοντες
888 1120 1038 1206 χρῶνται
1054 1117 1111 1183 καὶ
1127 1115 1159 1182 οἱ
1174 1115 1229 1182 διὰ
1299 1111 1301 1116 ’

122 1219 190 1283 τῶν
215 1215 365 1301 ὀργάνων
391 1243 424 1282 τι
450 1218 665 1303 ἐνεργοῦντες.
711 1219 831 1287 τοῦτου
857 1219 922 1305 γὰρ
948 1219 993 1303 μῆ
1019 1219 1231 1305 ὑπάρχοντος

122 1314 286 1385 ἀδύνατόν
300 1345 334 1384 τι
349 1322 416 1386 τῶν
432 1318 518 1386 κατὰ
533 1320 697 1404 μουσικὴν
713 1320 827 1405 δεῖξαι.

168 1420 269 1502 Πεζοὶ
294 1419 329 1486 δέ
353 1420 445 1488 ποῖοί
470 1421 555 1488 εἰσιν
565 1422 684 1497 ;-οῖς
708 1422 740 1488 οἱ
763 1423 900 1509 ῥήτορες
926 1426 1076 1511 χρῶνται
1101 1421 1158 1488 καὶ
1183 1422 1231 1493 οἷς

123 1520 220 1588 αὐτοὶ
231 1519 315 1607 πρὸς
326 1521 501 1605 ἀλλήλους
509 1529 691 1608 λαλοῦμεν.
723 1525 779 1591 καὶ
790 1524 822 1591 οἱ
830 1525 890 1610 μὲν
900 1527 1051 1609 ἐμμελεῖς
1063 1522 1231 1609 ὡρισμένα

117 1621 243 1712 ’ἔχουσι
257 1622 300 1689 τῦ
317 1622 538 1709 διαστήματα,
555 1625 588 1692 οῖ
602 1624 636 1691 δέ
652 1627 746 1708 πεζοὶ
762 1622 916 1713 ἀόριστα.

168 1724 271 1791 Other
284 1724 467 1792 definitione
482 1726 521 1793 of
538 1727 594 1792 the
609 1728 740 1794 musical
757 1728 859 1794 sound
874 1729 970 1815 given
989 1728 1030 1812 by
1047 1727 1231 1813 Bryennius

123 1826 187 1914 (seo
203 1826 319 1915 above)
334 1851 405 1897 are:
429 1826 475 1914 (p.
492 1828 609 1916 377,u)
625 1828 647 1912 ῆ
664 1826 811 1915 φθόγγος
826 1830 900 1897 ἐστὶ
916 1835 1027 1916 φωνῆς
1043 1827 1232 1914 ἐναρμόνιος

124 1929 231 2002 τάσις.
264 1929 309 2016 (p.
329 1928 489 2018 377,ιτ)ῆ
516 1930 724 2017 σαφέστερον
751 1932 855 1999 εἰπεῖν
882 1931 1029 2017 φθόγγος
1054 1931 1129 1998 ἐστὶ
1155 1935 1232 2014 μιᾶς

124 2030 249 2120 χορδῆς
264 2032 346 2097 ποιά
361 2058 411 2104 τις
426 2029 623 2120 ἅττῆχησιςέ

158 2366 227 2422 ¹Ws
238 2385 299 2435 may
311 2368 429 2421 tabulate
440 2368 515 2422 those
526 2368 678 2422 definitions
689 2370 719 2421 of
733 2369 780 2422 the
792 2369 904 2436 φθόγγος
915 2386 944 2421 ας
953 2370 1068 2422 follows:

125 2493 308 2560 Aristoxenus,
362 2498 444 2558 φωνῆς
619 2500 712 2546 ττῦσις
758 2496 796 2545 ἐπὶ
872 2495 930 2560 μίαν
963 2494 1045 2547 τάσιν.

125 2574 299 2642 Gaudentius,
396 2614 414 2638 ‚,
656 2615 674 2640 „
768 2615 785 2639 „

126 2655 262 2721 Bfflhims
393 2693 412 2717 ιι
466 2658 588 2719 ἔμμελοῦς
655 2694 673 2718 ιι
768 2694 786 2719 ιι
891 2694 910 2718 ιι
996 2694 1014 2718 ιι

126 2735 334 2788 Aristoxeneuns
394 2774 411 2800 „
517 2775 534 2801 „
655 2775 673 2801 „
766 2736 910 2804 „(xartt)„
995 2775 1014 2799 „
1045 2735 1234 2802 (ἐκφερομένη).

128 2817 171 2884 tin
183 2817 306 2884 POI'Ph.),
340 2739 359 2864 ἐ
394 2855 412 2880 ιι
467 2820 576 2881 ἐμμελῆς
656 2857 673 2881 ιι
771 2857 788 2881 ιι
894 2856 912 2882 ιι
996 2856 1013 2880 ιι

126 2897 273 2964 Cleonides,
392 2937 410 2962 „
519 2937 536 2962 „

126 2979 284 3046 Bryennius,
394 3018 401 3042 ,
517 3019 524 3043 ,

128 3060 338 3127 (Nicomachus),
395 3098 413 3123 ιι
614 3062 747 3113 ἐτῖττασις
766 3100 784 3125 ,,
893 3101 911 3125 ,,
996 3100 1014 3124 ,,
1072 3061 1216 3122 καῖᾶτλῆν,

126 3142 311 3209 Nicomachus,
396 3181 413 3205 ,‚
468 3147 589 3207 ἐμμελοῦς
756 3145 869 3206 ἄτλοτῆς
964 3142 1045 3195 τόσις.

127 3223 290 3290 Thrasyllus,
396 3262 414 3287 „
469 3225 612 3292 ἐναρμονίου

128 3304 284 3371 Bryonnius‚
397 3343 415 3368 „
469 3306 609 3372 ἐναρμόνιος

1000 3343 1018 3368 5,

127 3384 259 3439 Aristides
270 3386 370 3453 Quint,
397 3425 415 3449 „
468 3391 606 3451 μελῳδικῆς
918 3387 985 3448 ἃτλῆ
998 3386 1103 3448 κίνησις.

194 3506 209 3535 ,,
309 3506 325 3535 ,,
396 3506 415 3531 ,,
469 3471 590 3532 ἐμμελοῦς
868 3467 941 3536 μέρος
954 3468 1102 3534 ἐλάχιστον.

128 3549 277 3617 Porphyry,
467 3553 513 3600 τοῦ
526 3548 617 3613 μέλοος
798 3549 824 3601 ἕν
835 3570 860 3599 τι
907 3588 924 3612 ,,
1016 3587 1034 3613 ,,

127 3630 258 3696 Ptolemy,
364 3630 444 3696 ψόφος
622 3631 664 3683 ἕνα
698 3632 738 3682 καὶ
772 3632 817 3682 τόν
850 3632 925 3682 αὐτὸν
959 3629 1032 3682 τόνον
1061 3628 1167 3695 ἐτέχιιν.

128 3711 326 3778 Pythagoreans
342 3723 361 3848 γ

130 3792 171 3859 (in
183 3791 305 3860 Porph.),
398 3792 416 3817 ”

766 3753 830 3820 sapt
873 3753 931 3818 μίαν
964 3751 1038 3805 τάσιν
1061 3750 1234 3818 ἐκφερόμενος.

128 3873 285 3941 Bryenuius,
366 3876 435 3939 φανὴ
624 3874 815 3938 διοστημοτικῆ.

127 3955 314 4019 Nioomschus,
394 3995 412 4019 ‚,
624 3957 725 4019 ἄτομος.

129 4036 340 4106 (Nicomachus),
368 4037 433 4103 ἦχος
623 4038 735 4099 ἐιτλατῆς
746 4038 810 4089 κατὰ
821 4036 899 4089 τότον
911 4035 1068 4088 tomam.

129 4119 285 4187 Bryonuius,
367 4120 495 4186 ἰιιιήχησις
622 4117 680 4170 ποιά
691 4139 730 4170 τις
740 4122 796 4183 μιᾶς
808 4122 910 4186 χορδῆς.
