2880 5032
699 413 743 478 33

208 613 387 697 Cleonides‚
403 614 601 697 introductio,
620 616 649 697 1,
665 637 697 701 p.
716 616 733 678 1
751 612 853 680 Meib.
871 611 916 699 (p.
934 613 997 678 179
1014 611 1061 678 K.
1069 635 1100 678 r.
1108 609 1175 697 J)
1201 609 1271 677 διά-

163 743 277 801 στημα
293 715 327 782 δὲ
343 714 381 781 τὸ
397 712 632 804 περιεχόμενον
644 713 709 781 ὑπὸ
725 714 783 781 δύο
800 710 957 799 φθόγγων
967 713 1129 798 ἀνομοίων
1139 711 1275 798 ὀξύτητι

166 821 223 884 καί
238 817 417 903 βαρύτητι.

209 918 307 1000 1ὀίά.,
327 921 357 1002 2,
376 942 408 1005 p.
429 921 449 983 2
468 918 569 985 Meib.
589 917 635 1006 (p.
653 922 718 986 180
733 915 899 1004 K.v.J.):
929 916 989 988 τὰς
1010 916 1071 1001 μὲν
1094 915 1150 982 οὖν
1172 915 1276 1001 μονὰς

165 1021 278 1093 τάσεις
302 1027 479 1106 καλοῦμεν,
502 1020 562 1092 τὰς
589 1020 623 1086 δὲ
649 1019 855 1106 μεταβάσεις
881 1018 941 1093 τὰς
967 1016 1035 1085 ἀττό
1062 1018 1191 1085 τάσεων
1217 1017 1275 1085 ε’ττὶ

165 1123 279 1195 τάσεις
295 1122 519 1207 διαστήματα.

209 1224 420 1307 Gaudentius,
432 1224 572 1289 hermon.
585 1224 711 1307 introd„
724 1227 756 1307 3,
772 1247 803 1310 p.
816 1225 838 1288 4
853 1222 953 1290 Meib.
970 1221 1015 1310 (p.
1032 1224 1096 1289 329
1112 1222 1159 1288 Κ.
1167 1222 1229 1288 v.J
1232 1220 1254 1309 )
1267 1248 1275 1289 ι

164 1325 333 1411 διάστημα
345 1324 380 1392 δέ
391 1327 465 1392 ε’στι
480 1323 518 1391 τὸ
532 1323 596 1392 ὑπὸ
609 1325 667 1393 δύο
683 1322 841 1411 φθόγγων
856 1320 1102 1412 περιεχόμενον.
1132 1325 1153 1406 ἡ
1165 1323 1277 1390 τοίνυν

164 1426 309 1514 διαφορὰ
327 1433 386 1494 τοῦ
405 1426 562 1513 ὀξυτέρου
580 1426 673 1513 παρὰ
692 1424 750 1492 τὸν
767 1425 953 1514 βαρύτερον
972 1422 1121 1510 φθόγγον
1140 1425 1197 1491 καὶ
1216 1430 1275 1495 τοῦ

163 1529 352 1615 βαρυτέρου
367 1529 460 1615 παρὰ
475 1527 533 1595 τὸν
548 1527 703 1617 ὀξύτερον
718 1526 843 1614 λέγοιτ’
853 1529 894 1594 ἀν
910 1527 1089 1612 διάστημα.

208 1631 392 1717 Bryennius
404 1631 461 1696 has
473 1630 624 1697 collected
635 1654 654 1696 a
665 1639 754 1718 great
769 1630 906 1696 number
916 1629 955 1695 of
964 1629 1159 1714 definitione,
1170 1629 1275 1696 which

164 1734 205 1800 he
220 1742 361 1820 presents
376 1755 411 1797 as
425 1733 640 1800 alternatives.

209 1836 402 1921 Bryennius,
424 1835 537 1917 barm„
558 1854 583 1900 1.
603 1844 675 1901 sect.
693 1859 736 1918 v.,
757 1858 788 1921 p.
808 1837 870 1902 381
889 1833 1025 1901 Wallis:
1047 1832 1085 1900 τὸ
1106 1833 1276 1920 διάστημα

163 1937 274 2004 τοίνυν
289 1936 392 2024 διχῶς
406 1936 554 2022 λέγεται·
576 1941 692 2008 κοινῶς
709 1936 765 2003 καὶ
782 1935 882 2008 ἰδίως.
929 1936 986 2002 καὶ
1002 1939 1119 2009 κοινῶς
1132 1934 1193 2021 μὲν
1207 1940 1276 2003 τάν

163 2038 300 2124 μέγεθος
315 2037 353 2103 τὸ
370 2033 434 2104 ὑπό
450 2064 548 2104 τινων
563 2037 717 2123 τεράτων
732 2033 930 2124 ὁριζόμενον.
964 2036 1053 2108 ἰδίως
1066 2035 1100 2102 δὲ
1117 2036 1203 2103 κατὰ
1215 2037 1276 2117 τὴν

162 2139 328 2225 μουσικὴν
343 2139 424 2225 ὅπερ
442 2139 544 2212 οὕτως
561 2137 715 2225 ὁρίζεται,
732 2137 902 2222 διάστημά
920 2141 993 2205 ἐστι
1008 2138 1145 2224 μέγεθος
1164 2145 1276 2224 φωνῆς

165 2240 230 2308 ὑπὸ
241 2241 330 2307 δυοῖν
340 2237 497 2326 φθόγγων
508 2240 822 2328 περιγεγραμμένον·
835 2240 856 2323 ἢ
867 2239 1037 2325 διάστημά
1046 2242 1120 2307 ἐστι
1131 2240 1169 2306 τὸ
1181 2267 1274 2327 τερι-

165 2339 322 2431 εχόμενον
335 2342 399 2408 ὑπὸ
413 2341 470 2410 δύο
482 2338 639 2427 φθόγγων
651 2342 812 2427 ἀνομοίων
824 2344 864 2427 τῇ
876 2340 972 2408 τάσει
983 2342 1058 2424 ἤτοι
1070 2341 1205 2426 ὀξύτητι
1218 2343 1275 2410 καὶ

163 2443 342 2530 βαρύτητι·
355 2444 377 2527 ἢ
388 2441 462 2515 ὁδὸς
473 2442 555 2509 ποιὰ
567 2441 634 2510 ἀττό
644 2443 834 2531 βαρύτητος
846 2443 892 2515 εἰς
904 2442 1048 2526 ὀξύτητα
1060 2443 1081 2526 ἢ
1091 2444 1274 2511 ἀνάπαλιν·

165 2545 186 2628 ἢ
200 2545 369 2630 διάστημά
384 2547 458 2612 ε’στι
472 2543 510 2611 τό
527 2543 592 2612 ὑπὸ
609 2544 666 2611 δύο
680 2541 837 2631 φθόγγων
849 2544 1031 2631 ὡρισμένον
1042 2544 1087 2629 μὴ
1100 2544 1160 2627 τὴν
1172 2544 1276 2628 αὐτὴν

164 2644 310 2735 ἐχόντων
328 2647 437 2712 τάσιν·
461 2647 536 2729 ἤτοι
555 2646 699 2734 διαφορά
717 2673 767 2718 τις
785 2646 914 2713 τάσεων
932 2645 989 2712 καὶ
1008 2643 1110 2719 τόπος
1126 2645 1276 2721 δεκτικὸς

165 2744 333 2835 φθόγγων,
346 2746 509 2834 ὀξυτέρων
518 2748 579 2833 μὲν
594 2755 652 2830 τῆς
666 2748 856 2834 βαρυτέρας
871 2751 937 2813 τῶν
953 2744 1134 2835 όριζουσῶν
1149 2746 1187 2814 τὸ
1203 2748 1273 2815 διά-

166 2876 279 2933 στημα
296 2849 435 2924 τάσεων,
454 2848 647 2938 βαρυτέρων
666 2848 700 2915 δὲ
719 2855 778 2932 τῆς
796 2849 962 2937 ὀξυτέρας·
986 2848 1129 2936 διαφορὰ
1148 2849 1183 2917 δέ
1201 2852 1275 2918 ε’στι

165 2950 294 3016 τάσεων
309 2948 347 3016 τὸ
358 2956 492 3035 μᾶλλον
508 2952 565 3017 καὶ
580 2951 681 3033 ἧττον
696 2951 867 3017 τετάσθαι·
885 2950 906 3033 ἢ
920 2949 1088 3034 διάστημά
1099 2953 1172 3017 εὀτι
1185 2951 1275 3018 δυοῖν

166 3049 324 3137 φθόγγων
339 3054 359 3134 ἡ
375 3050 458 3140 πρὸς
473 3053 648 3135 ἀλλήλους
662 3052 745 3118 τοιά
761 3052 892 3140 σχέσις.

211 3153 278 3218 For
292 3153 347 3219 the
361 3155 438 3220 sake
453 3153 491 3220 oi
504 3154 655 3239 bringing
669 3161 726 3218 out
742 3176 828 3219 more
842 3153 960 3240 clearly
972 3154 1026 3219 the
1041 3153 1223 3222 differences
1239 3156 1273 3221 in

165 3254 220 3321 the
228 3254 411 3322 definitione
424 3255 525 3321 which
538 3256 620 3321 have
626 3257 697 3342 just
707 3255 783 3320 been
795 3255 924 3343 quoted,
935 3279 981 3322 we
993 3279 1066 3342 may
1075 3279 1178 3343 gronp
1187 3257 1273 3323 them

165 3358 199 3422 in
226 3357 349 3423 classes.
397 3357 468 3422 The
492 3356 624 3422 musical
650 3357 789 3423 interval
817 3358 845 3423 is
868 3356 993 3424 defined
1018 3359 1053 3423 in
1077 3381 1137 3424 one
1159 3359 1198 3425 of
1218 3360 1274 3426 the

165 3458 333 3546 following
349 3482 516 3525 manners:

209 3559 257 3648 (1)
279 3584 299 3628 a
313 3561 430 3626 certain
442 3561 573 3626 relation
587 3561 726 3627 between
742 3569 806 3626 two
821 3561 954 3627 musical
970 3560 1089 3627 sounds
1102 3561 1273 3649 (Thrasyl-

164 3663 227 3747 luS,
244 3662 450 3751 Bryennius).

209 3764 257 3852 (2)
280 3789 299 3831 a
313 3766 473 3852 differmce
487 3764 526 3831 of
536 3764 658 3851 pitches
674 3764 911 3850 (Aristoxenus,
927 3765 1143 3852 Bryennins);
1166 3788 1202 3830 or
1216 3765 1273 3831 the

164 3866 334 3934 difference
349 3869 487 3933 between
498 3890 538 3933 an
551 3876 642 3933 acute
656 3866 719 3933 and
735 3890 754 3933 a
768 3890 867 3954 grave
881 3866 986 3934 sound
1000 3890 1037 3934 or
1051 3868 1192 3934 between
1208 3876 1272 3934 two

164 3969 283 4035 sounds
294 3980 350 4035 not
365 3969 403 4036 of
413 3969 467 4034 the
477 3991 562 4035 same
573 3969 661 4056 pitch
673 3968 849 4057 (Ptolemy,
861 3969 988 4054 Aelian,
1002 3970 1170 4053 Bacchius,
1182 3968 1273 4036 Gau·

165 4070 316 4159 dontius).
