2880 5032
713 363 733 427 9

212 559 264 626 Id.
281 560 320 624 ἀι
335 561 464 647 placitis
477 560 743 649 pbilosophorum,
758 579 809 628 Ν.
827 560 909 646 xix„
926 559 1004 646 περὶ
1020 562 1139 645 φωνῆς,
1156 557 1220 622 902
1235 556 1276 640 Β,

166 683 232 749 sq.:
260 661 409 728 Πλάτων
423 663 484 742 τῆν
502 661 614 750 φωνῆν
633 661 787 750 ὁρίζεται,
803 668 935 747 πνεῦμα
950 659 1005 726 διὰ
1024 657 1190 743 στόματος
1208 653 1276 723 ἀπδ

167 761 313 835 διανοίας
330 763 482 848 ἠγμένον,
502 764 559 831 καὶ
579 764 716 850 πληγὴν
735 761 800 830 ύπδ
819 763 914 850 ἀέρος
937 760 977 828 δι’
994 760 1086 827 ὤτων
1107 764 1164 827 καὶ
1185 761 1276 844 εἰγκε-

167 863 280 951 φάλου
300 865 357 931 καὶ
376 864 515 952 αἵματος
532 865 633 955 μέχρι
654 872 774 955 ψυχῆς
795 863 1031 949 διαδιδομένην.
1068 861 1276 948 Ἐπίκουρος,

166 964 227 1048 τῆν
243 966 355 1052 φωνὴν
373 967 457 1034 εἶναι
471 971 577 1056 ῥεῦμα
596 963 845 1052 ἐκπεμπόμενον
864 962 932 1031 ἀπὸ
952 968 1019 1031 τῶν
1034 963 1240 1051 φωνούντων,
1255 960 1277 1045 ῆ

166 1066 380 1155 ῆχούντων,ῆ
395 1069 610 1156 ψοφούντων·
627 1074 726 1136 τοῦτο
742 1067 776 1133 δὲ
792 1065 830 1134 τὸ
842 1069 950 1154 ῥεῦμα
965 1067 1010 1139 εἰς
1027 1064 1278 1154 ὁμοιοσχήμονα

169 1169 376 1255 θρύπτεσθαι
391 1170 600 1257 θραύσματα.
633 1166 851 1256 Δημόκριτος,
869 1168 926 1235 καὶ
942 1166 999 1234 τὸν
1014 1167 1097 1255 ἀέρα
1112 1166 1217 1253 φησὶν
1232 1165 1278 1238 είς

166 1267 418 1359 ὁμοιοσχήμονα
439 1270 648 1356 θρύπτεσθαι
667 1270 808 1355 σώματα
832 1320 840 1337 .
866 1320 873 1337 .
900 1320 907 1336 .
933 1320 941 1336 .
967 1269 1024 1335 καὶ
1048 1266 1276 1335 συνκαλινδεῖ-

168 1371 250 1436 σθαι
265 1377 333 1443 τοῖς
349 1374 386 1439 εἰι
402 1379 461 1457 τῆς
477 1378 588 1458 φωνῆς
605 1371 810 1459 θραύσμασι.

213 1472 312 1555 Πνίά,
338 1495 406 1558 xx„
433 1474 462 1540 εἰ
488 1473 664 1558 ἀσώματος
687 1475 707 1556 ἡ
731 1473 835 1560 φωνή,
860 1473 917 1540 καὶ
944 1476 1015 1544 πῶς
1040 1470 1114 1561 ἠχὼ
1140 1471 1277 1555 γίνεται,

169 1575 234 1639 902
257 1574 297 1658 F,
319 1597 383 1661 sq.:
415 1571 625 1661 Πυθαγόρας,
650 1575 807 1650 Πλάτων,
825 1574 1065 1662 Ἀριστοτέλης
1087 1572 1277 1656 ἀσώματον·

169 1675 208 1741 οὐ
228 1674 294 1762 «γὰρ
314 1675 372 1742 τδν
392 1675 475 1763 ἀέρα
494 1675 588 1742 ἀλλά
609 1675 647 1742 τὸ
669 1683 788 1766 σχῆμα
807 1675 844 1742 τό
863 1677 940 1763 περὶ
961 1673 1018 1742 τὸν
1038 1674 1120 1763 ἀέρα
1140 1674 1198 1740 καὶ
1218 1673 1279 1756 τῆν

168 1778 365 1864 ε’πιφάνειαν
388 1777 475 1844 κατὰ
501 1777 602 1844 ποιὰν
628 1781 755 1863 πλῆξιν
780 1779 932 1864 γίνεσθαι
954 1777 1077 1865 φωνήν.
1123 1781 1220 1842 πάσα
1243 1774 1278 1840 δὲ

168 1880 348 1965 ἐπιφάνεια
362 1879 538 1964 ἀσώματος
541 1929 670 1946 .....
696 1878 729 1944 οἱ
744 1879 778 1946 δὲ
797 1879 948 1955 Στωϊκοί,
965 1884 1064 1964 σῶμα
1078 1878 1138 1961 τῆν
1154 1877 1277 1963 φωνήν.

213 1980 374 2067 Ptolemy,
393 1981 522 2065 Herm„
546 2000 570 2047 1.
589 1981 646 2064 ili„
665 2003 698 2067 p.
719 1984 738 2046 6
756 1981 891 2048 Wallis:
923 1982 1020 2053 τάσις
1043 1981 1108 2066 ’γάρ
1131 1979 1181 2051 τίς
1204 1980 1279 2045 ε’στι

170 2081 313 2170 συνεχὴς
328 2088 387 2150 τοῦ
402 2082 507 2170 ἀέρος,
521 2080 538 2148 ὁ
554 2078 679 2170 ψόφος,
696 2082 764 2148 ἀπὸ
780 2089 840 2150 τοῦ
855 2088 924 2155 τοῖς
938 2082 998 2155 τάς
1013 2080 1148 2167 πληιγάς
1163 2084 1276 2147 ποιοῦ·

169 2210 225 2249 σιν
240 2183 615 2271 ἐμπεριλαμβανομένου
630 2183 795 2267 διήκουσα
810 2183 893 2271 πρὸς
909 2183 966 2251 τὸν
982 2180 1086 2257 ἐκτός.

213 2286 309 2369 Ιόίά.,
325 2287 358 2369 i.‚
375 2310 408 2372 p.
426 2290 442 2351 1
456 2311 463 2352 :
495 2282 611 2373 ψόφος
627 2286 662 2352 δὲ
678 2286 785 2358 πάθος
801 2288 989 2353 ἀκουστῶν.

212 2387 270 2454 See
285 2397 338 2455 loo
353 2388 544 2474 Bryennius,
559 2407 583 2454 1.
599 2397 672 2454 seat.
689 2389 745 2471 iv.‚
761 2411 794 2474 p.
811 2390 875 2454 377
896 2388 1024 2456 Wallis.

214 2489 276 2556 We
297 2490 379 2556 have
401 2490 530 2576 already
548 2490 674 2556 notioed
696 2489 742 2577 (p.
762 2489 797 2576 3)
819 2492 889 2555 that
913 2489 1045 2554 musioal
1066 2487 1183 2555 sounds
1202 2509 1278 2572 may

169 2591 264 2658 differ
286 2592 369 2658 from
388 2615 448 2658 one
465 2591 597 2658 another
614 2593 648 2656 in
666 2616 686 2658 a
704 2592 841 2657 number
856 2591 895 2658 of
913 2614 1010 2678 ways.
1056 2590 1174 2656 Before
1189 2612 1278 2676 pass-

169 2694 228 2780 ing
243 2717 285 2760 on
300 2702 334 2760 to
348 2694 492 2760 consider
507 2693 562 2760 the
576 2692 759 2760 definitione
774 2694 813 2760 of
824 2694 879 2759 the
894 2694 1027 2760 musical
1042 2693 1155 2776 sound,
1168 2694 1195 2758 it
1210 2691 1279 2758 will

170 2805 227 2862 not
248 2797 288 2862 be
302 2807 360 2863 out
374 2796 413 2863 of
430 2797 519 2882 place
533 2804 568 2861 to
583 2796 679 2862 dwell
694 2819 713 2861 a
728 2806 869 2862 moment
884 2819 926 2861 on
940 2796 995 2862 the
1009 2795 1229 2862 olassifioation
1245 2793 1285 2860 of
1329 2807 1331 2813 ’

169 2899 289 2965 sounds
304 2899 338 2963 in
353 2898 491 2984 general.

213 3000 285 3066 One
296 3001 334 3066 of
345 3001 399 3066 the
410 3008 493 3066 most
504 3000 634 3067 evident
649 3001 820 3088 principles
832 3002 865 3065 in
877 3000 1066 3067 aeeordanoe
1079 2999 1158 3067 with
1171 2997 1277 3065 which

168 3103 287 3169 sounds
302 3126 376 3189 may
390 3103 430 3168 be
443 3102 599 3168 olassified
617 3104 644 3168 is
662 3103 731 3169 that
747 3102 851 3168 which
867 3103 1096 3189 distinguishes
1111 3100 1279 3167 articulate

167 3206 234 3271 and
249 3205 449 3270 inarticulale
464 3203 594 3270 sounds.

213 3306 370 3373 Aristotle
387 3307 503 3372 defines
521 3306 686 3372 articulate
704 3306 808 3372 sound
831 3306 954 3394 (φωνή)
977 3307 1012 3371 in
1035 3306 1089 3372 the
1111 3305 1279 3391 following

169 3432 338 3497 passages:

215 3511 379 3594 Aristode,
402 3512 440 3575 de
461 3512 580 3595 aalma,
604 3514 686 3595 118,
709 3514 739 3594 9,
760 3533 793 3597 p.
815 3513 881 3578 420
900 3512 921 3577 b
944 3510 989 3598 (p.
1012 3516 1031 3578 6
1055 3511 1102 3577 Κ.
1124 3533 1156 3575 v.
1178 3508 1278 3596 Jan):

168 3612 247 3700 περὶ
265 3612 324 3697 μὲν
342 3611 398 3678 οὖν
412 3608 532 3699 ψόφου
550 3613 655 3698 ταύτῃ
675 3611 851 3699 διωρίσθω·
872 3615 893 3695 ῆ
917 3612 951 3678 δὲ
974 3613 1066 3699 φωνῆ
1089 3608 1206 3699 ψόφος
1228 3611 1279 3685 τίς

169 3715 262 3780 ε’στιν
285 3714 454 3802 ἐμψύχου·
478 3717 544 3780 τῶν
567 3713 632 3800 «γὰρ
659 3713 807 3803 ἀψύχων
834 3715 930 3781 οὐθὲν
953 3719 1062 3800 φωνεῖ,
1086 3711 1180 3779 ἀλλά
1204 3711 1278 3779 καθ’

168 3811 348 3899 ὁμοιότητα
362 3813 499 3898 λέγεται
510 3821 639 3901 φωνεῖν,
653 3816 722 3882 οἷον
737 3814 840 3887 αὐλὸς
857 3816 914 3882 καὶ
929 3814 1019 3902 λύρα
1035 3815 1092 3881 καὶ
1107 3814 1173 3881 ὅσα
1184 3814 1279 3882 ἀλλα

167 3920 235 3983 τῶν
250 3915 398 4004 ἀψύχων
413 3911 598 3983 ἀπότασιν1
611 3918 682 4006 ἔχει
699 3917 755 3983 καὶ
770 3917 872 4001 μέλος
888 3917 945 3983 καὶ
962 3916 1148 3984 διάλεκτον.

202 4130 350 4188 wedowo.
373 4132 409 4185 K.
418 4150 444 4186 v.
451 4132 472 4186 J
472 4150 514 4199 an,
524 4134 592 4186 Μαι.
604 4134 657 4187 Ser.
667 4133 721 4200 Gr„
734 4151 760 4201 p.
769 4134 793 4201 6,
805 4133 941 4201 explains:
958 4133 1096 4202 probabile
1107 4142 1146 4188 est
1157 4135 1280 4187 διάτασιν

169 4220 297 4282 tanquam
308 4230 391 4282 genus
401 4215 541 4282 complecti
555 4216 667 4267 ἐπίτασιν
678 4222 706 4269 et
717 4217 811 4268 ἄνεσιν.
845 4215 895 4267 See
906 4213 997 4280 below,
1009 4231 1037 4282 p.
1049 4215 1090 4268 16.
