2850 5024
729 359 749 423 8

184 553 242 623 τάν
259 553 417 646 ἐχόμενον
435 558 537 625 αὑτοῦ
555 557 717 644 προωθῶν
733 555 861 642 ὁμοίως,
878 556 966 624 ὥστε
980 557 1090 644 πάντῃ
1108 557 1169 640 τὴν
1184 557 1297 644 φωνὴν

184 656 357 725 διατείνειν
376 657 569 742 τῆνιαύτήν,
589 657 640 744 ἐφ’
658 658 739 726 ὅσον
759 660 939 744 συμβαίνει
962 659 1136 744 γίγνεσθαι
1158 659 1215 726 καὶ
1235 664 1297 728 τοῦ

183 758 279 846 ἀέρος
294 759 355 842 τὴν
371 759 512 841 κίνησιν.

228 860 299 927 The
316 860 376 927 last
394 869 537 928 sentenoe
553 884 652 928 seems
670 870 704 928 to
722 861 828 948 imply
845 883 886 928 an
905 861 1011 928 actual
1032 862 1243 928 transferenoe
1261 861 1301 929 of

183 963 240 1029 the
261 964 311 1029 air
333 963 427 1029 itself.
472 963 516 1030 So
537 964 579 1030 do
601 964 656 1030 the
678 963 783 1031 words
802 965 847 1051 (p.
868 967 930 1030 801
941 987 1004 1048 aa
1025 964 1168 1051 Bekker)
1189 962 1206 1030 ὁ
1228 963 1294 1051 γάρ

184 1065 304 1137 ὠσθεὶς
319 1064 384 1132 ὑπὸ
400 1071 458 1149 τῆς
472 1071 607 1150 πληγῆς
622 1065 685 1152 ἀὴρ
700 1065 802 1155 μέχρι
817 1065 877 1150 μέν
887 1093 975 1138 τινος
987 1068 1122 1153 φέρεται
1138 1065 1294 1155 συνεχής.

183 1166 342 1254 Compare
353 1176 406 1234 too
421 1169 454 1232 in
469 1168 525 1233 the
539 1167 748 1234 Aristotelian
761 1168 930 1251 Probiana,
944 1187 996 1234 III.
1011 1171 1030 1233 6
1043 1171 1088 1254 (p.
1103 1171 1142 1233 61
1157 1191 1189 1235 v.
1202 1168 1224 1234 J
1226 1167 1293 1255 an),

184 1267 201 1336 ὁ
220 1268 284 1355 ἀῆρ
304 1266 321 1334 ὁ
340 1266 518 1356 φερόμενος
536 1275 626 1336 ποιεῖ
643 1267 700 1336 τόν
717 1266 845 1357 ψόφον,
866 1269 910 1357 (ρ.
928 1270 983 1357 63)
1003 1268 1020 1336 ό
1040 1269 1074 1335 δὲ
1092 1266 1209 1357 ψόφος
1227 1268 1293 1356 ἀήρ

73 1449 75 1453 ¹
182 1371 276 1438 ἐστιν
297 1370 480 1456 ὠθούμενος
500 1369 565 1437 ὑπὸ
585 1371 690 1459 ἀέρος,
708 1371 772 1438 and
794 1390 875 1438 XIX.
895 1374 938 1438 35
957 1370 1002 1459 (p.
1020 1371 1075 1458 96)
1098 1373 1119 1454 ἡ
1142 1371 1177 1436 δὲ
1200 1370 1294 1457 φωνὴ

183 1472 205 1556 ἢ
229 1472 324 1559 ἀέρος
346 1473 368 1557 ἢ
391 1472 502 1538 ἀλλου
524 1471 612 1545 τινὸς
634 1474 733 1561 φορά.

226 1575 297 1641 The
311 1576 394 1641 view
408 1575 480 1640 that
494 1575 596 1641 sound
611 1574 639 1640 is
653 1599 673 1641 a
688 1575 860 1641 formation
875 1575 914 1642 of
928 1576 982 1642 the
996 1574 1045 1641 air
1061 1575 1122 1663 (τῷ
1138 1571 1195 1640 τὸν
1210 1572 1294 1658 ἀέρα

181 1676 461 1764 σχηματίζεσθαι,
482 1676 634 1764 καθάπερ
655 1677 782 1744 οίονταί
799 1678 898 1765 τινες)
911 1700 1045 1764 appears
1064 1678 1099 1742 in
1116 1677 1171 1742 the
1189 1675 1293 1740 Prob-

182 1778 254 1842 lems
269 1778 303 1842 in
318 1777 373 1843 the
387 1778 505 1844 section
521 1778 599 1865 περὶ
614 1784 736 1864 φωνῆς.

226 1898 279 1946 ΧΙ.
293 1882 351 1946 23:
376 1878 430 1946 διά
446 1880 488 1955 τί,
502 1881 594 1966 εἴπερ
610 1880 630 1961 ῆ
647 1880 740 1966 φωνή
753 1883 846 1948 ε’στιν
861 1880 925 1968 ἀήρ
942 1907 991 1954 τις
1007 1876 1293 1970 ἐσχηματισμένος

183 1981 241 2048 καὶ
256 1978 443 2068 φερόμενος,
460 1980 633 2048 διαλύεται
651 1983 822 2054 πολλάκις
837 1980 875 2049 τὸ
894 1989 1023 2070 σχῆμα,
1039 1984 1060 2064 ἡ
1077 1981 1111 2047 δὲ
1130 1980 1203 2070 ἠχὼ
1223 1979 1292 2046 κτὲ.

226 2102 279 2149 XI.
294 2086 352 2150 51:
377 2081 431 2149 διά
447 2083 490 2158 τί,
507 2083 599 2168 εἴπερ
614 2085 635 2166 ἡ
648 2082 740 2170 φωνὴ
756 2084 821 2171 ἀήρ
836 2111 887 2156 τις
903 2082 1192 2172 ἐσχηματισμένος
1206 2080 1292 2156 ε’στί,

183 2185 345 2272 φερομένη
364 2184 537 2252 διαλύεται
553 2185 724 2258 πολλάκις
738 2183 777 2251 τὸ
794 2193 923 2275 σχῆμα,
938 2189 959 2269 ἡ
976 2185 1011 2251 δὲ
1026 2185 1110 2275 ἠχώ,
1126 2185 1148 2267 ῆ
1164 2183 1293 2269 γίνεται

181 2286 368 2371 πληγέντος
387 2293 446 2355 τοῦ
461 2287 613 2354 τοιούτου
630 2284 713 2374 πρός
733 2314 765 2352 τι
784 2284 928 2374 στερεόν,
945 2289 983 2353 οὐ
999 2287 1181 2362 διαλύεται,
1198 2283 1293 2350 ἀλλά

182 2392 302 2474 σαφῶς
317 2390 500 2474 ἀκούομεν,·

227 2490 298 2556 The
308 2491 491 2557 distinction
507 2491 648 2557 between
663 2491 807 2578 defining
821 2490 924 2557 sound
938 2514 973 2557 as
985 2513 1004 2556 a
1019 2490 1103 2557 blow
1115 2512 1158 2556 on
1168 2489 1217 2554 air
1227 2488 1292 2553 and

183 2592 277 2657 asair
288 2591 387 2658 under
397 2593 452 2658 the
462 2593 618 2658 influenoe
629 2592 668 2658 of
672 2617 692 2659 a
704 2592 788 2659 blow
799 2616 899 2659 seems
910 2601 943 2659 to
954 2593 1036 2660 have
1047 2593 1143 2678 given
1154 2590 1291 2657 trouble.

227 2693 387 2760 Aristides
413 2695 648 2778 Quintilianus,
671 2696 708 2759 de
729 2697 860 2780 ηιαςίοα,
882 2720 914 2782 p.
940 2698 988 2780 7,ι
1017 2695 1138 2760 Meib.:
1168 2693 1234 2773 ὕλη
1258 2691 1293 2757 δὲ

182 2802 347 2880 μουσικῆς
365 2796 458 2883 φωνὴ
477 2797 533 2863 καὶ
555 2796 684 2877 κίνησις
705 2796 868 2882 σώματος.
914 2797 975 2880 τῆν
995 2796 1030 2863 δὲ
1051 2795 1162 2883 φωνὴν
1183 2794 1217 2862 οἱ
1233 2793 1294 2879 μὲν

182 2896 266 2984 ἀέρα
281 2898 527 2983 πεπληγμένον,
544 2897 575 2963 οἱ
593 2897 638 2973 δέ,
654 2898 750 2985 ἀέρος
768 2899 903 2982 πληγὴν
919 2899 1059 2986 έφασαν,
1077 2897 1110 2964 ot
1124 2896 1194 2982 μέν,
1211 2892 1293 2961 αὐτὸ

183 2996 221 3064 τὸ
245 3003 344 3084 σῶμα
366 2998 403 3065 τὸ
426 2997 592 3072 πεπονθὸς
613 3001 708 3089 ἦχον,
731 2999 762 3066 οἱ
785 2999 822 3075 δ’,
842 2999 924 3087 ὅπερ
948 3000 1089 3085 ἄμεινον,
1111 2997 1149 3064 τὸ
1172 2996 1293 3065 τούτου

183 3101 292 3173 πάθος
308 3098 509 3189 ὁρισάμενοι.

227 3203 393 3285 Aristotle,
406 3203 574 3287 Proteus,
586 3223 639 3269 XI.
653 3205 694 3269 29
707 3229 714 3270 :
740 3201 757 3268 ὁ
774 3203 809 3269 δὲ
824 3200 939 3290 ψόφος
955 3203 1019 3290 ἀῆρ
1034 3202 1056 3286 ῆ
1072 3202 1180 3273 πάθος
1195 3200 1291 3286 ἀέρος

186 3331 290 3371 εστιν,

227 3406 388 3492 Ptolemy,
407 3407 611 3492 Harmoniae,
631 3426 656 3473 I.
678 3408 711 3491 i.,
732 3430 764 3494 p.
788 3410 805 3472 1
827 3406 964 3474 Wallis:
995 3403 1111 3493 ψόφος
1130 3404 1165 3470 δὲ
1183 3403 1292 3475 πάθος

185 3534 373 3575 ακουστων.

228 3609 286 3676 See
301 3619 353 3676 too
368 3609 561 3696 Bryennius,
576 3629 601 3676 1.
616 3619 689 3676 sect.
706 3611 763 3694 iv.,
779 3633 812 3697 p.
828 3610 893 3676 377
905 3609 1032 3675 Wallis.

229 3713 300 3778 The
314 3712 482 3799 following
496 3711 678 3778 definitione
693 3734 746 3777 are
760 3712 965 3799 interesting:

228 3816 392 3898 Plutarch,
415 3815 597 3880 οοηυίοίαίκο
618 3815 850 3900 ἀάραίαίίοηος,
866 3833 947 3881 VIII.
967 3813 1026 3896 iii.5
1045 3836 1077 3899 p.
1098 3814 1183 3879 975:
1213 3813 1234 3894 ἡ
1254 3809 1290 3876 δὲ

184 3917 277 4004 φωνὴ
296 3917 411 4002 πληγῆ
430 3917 583 4002 σώματος
602 3915 747 4005 διηχοῦς·
765 3915 878 4004 διηχὲς
897 3915 931 3981 δὲ
950 3913 988 3981 τὸ
1006 3914 1181 4000 συμπαθὲς
1200 3914 1291 4001 αὐτῷ

185 4023 243 4089 καὶ
259 4021 417 4107 συμφυές,
430 4020 599 4101 εὐκίνητον
611 4019 645 4086 δὲ
658 4020 715 4086 καὶ
728 4025 852 4106 κοῦφον
866 4020 922 4085 καὶ
935 4017 1062 4104 ὁμαλὸν
1074 4019 1131 4085 καὶ
1144 4019 1292 4102 ὑπήκοον

184 4129 244 4192 τοῦ
259 4122 300 4190 δι’
312 4122 461 4190 εὐτονίαν
476 4121 532 4189 καί
548 4121 723 4210 συνέχειαν
738 4117 806 4193 οἷός
821 4122 895 4189 ἐστι
909 4119 988 4208 παρ’
1000 4122 1077 4206 ἡμῖν
1093 4117 1110 4185 ὁ
1126 4119 1202 4207 ἀήρ.
