2880 5032
700 373 742 437 19

164 568 229 658 γὰρ
243 568 376 651 ἵστησιν
393 570 495 653 αὑτὴν
506 572 564 639 ἐπὶ
574 562 652 656 μιᾶς
664 573 801 649 τάσεως,
814 573 887 640 εἶτα
902 574 1009 641 πάλιν
1020 574 1071 661 ἐφ’
1078 574 1200 661 ἑτέρας,
1214 575 1271 641 καὶ

164 677 262 739 τοῦτο
273 677 420 740 ποιοῦσα
432 673 716 762 συνεχῶς-λέγω
728 674 763 741 δὲ
775 679 925 764 συνεχῶς
938 675 1024 741 κατὰ
1036 674 1093 743 τὸν
1105 672 1272 765 χρόνον-

166 773 418 854 ῦπερβαῖνονσα
425 774 486 859 μὲν
497 774 573 847 τοῦς
583 775 836 865 περιεχομένους
847 775 911 843 ὑπὸ
924 781 990 843 τῶν
1000 777 1128 845 τάσεων
1137 775 1271 864 τόπους,

168 874 326 962 ἱσταμένη
347 875 374 942 δ’
391 875 442 943 ε’π’
459 879 568 943 αὐτῶν
589 882 655 944 τῶν
679 879 817 954 τάσεων,
838 879 895 945 καὶ
916 879 1124 965 φθεγγομένη
1148 881 1271 955 ταύτας

165 973 264 1062 μόνον
284 977 387 1051 αὐτός
404 978 564 1065 μελῳδεῖν
581 980 728 1065 λέγεται,
748 980 804 1047 καὶ
824 981 988 1048 κινεῖσθαι
1007 980 1272 1068 διαστηματικὴν

166 1080 307 1160 κίνησιν.
352 1081 430 1146 And
447 1080 571 1148 further
586 1105 637 1165 on,
653 1082 752 1165 Ibin,
770 1083 785 1160 ξ
802 1083 855 1164 27,
871 1106 903 1169 p.
921 1087 980 1168 9‚11
998 1084 1122 1150 Meib.:
1152 1086 1271 1158 ἁπλῶς

165 1179 229 1268 γάρ
245 1181 325 1248 ὅταν
337 1183 423 1249 οὕτω
435 1189 567 1267 κινῆται
579 1186 599 1267 ἡ
612 1184 715 1270 φωνή,
728 1183 816 1250 ὥστε
824 1184 978 1270 μηδαμοῦ
990 1184 1097 1253 δοκεῖν
1110 1186 1271 1254 ἵστασθαι

166 1286 206 1368 τῇ
221 1284 315 1369 ἀκοῇ,
331 1291 457 1374 συνεχῆ
472 1284 613 1371 λέγομεν
629 1285 752 1367 ταύτην
767 1285 827 1368 τὴν
843 1286 983 1367 κίνησιν·
1004 1286 1083 1354 ὅταν
1099 1287 1134 1354 δὲ
1150 1288 1274 1372 στῆναί

166 1412 233 1451 που
244 1382 382 1470 δόξασα,
395 1387 467 1452 εἶτα
478 1387 584 1454 πάλιν
597 1386 782 1465 διαβαίνειν
793 1386 868 1454 τινὰ
880 1386 984 1455 τόπον
996 1389 1093 1475 φανῇ,
1105 1391 1161 1457 καὶ
1173 1397 1272 1459 τοῦτο

166 1487 351 1569 ποιήσασα,
371 1489 478 1555 πάλιν
497 1488 547 1575 ἐφ’
564 1489 676 1575 ἑτέρας
696 1489 823 1562 τάσεως
844 1497 966 1574 στῆναι
987 1486 1076 1576 δόξῃ,
1097 1492 1154 1559 καὶ
1174 1498 1273 1560 τοῦτο

166 1589 317 1674 ἐναλλὰξ
336 1597 443 1657 ποιεῖν
466 1592 647 1677 φαινομένη
670 1596 819 1681 συνεχῶς
840 1592 986 1679 διατελῇ,
1008 1592 1273 1680 διαστηματικὴν

166 1691 226 1773 τὴν
242 1692 398 1773 τοιαύτην
414 1693 544 1774 κίνησιν
558 1692 723 1778 λέγομεν.1
742 1703 745 1707 ’

209 1794 423 1860 Aristoxenus
443 1803 522 1860 next
536 1794 692 1860 identifies
707 1795 794 1861 these
808 1804 873 1862 two
887 1795 986 1861 kinds
1002 1796 1041 1862 of
1058 1797 1273 1867 voice-move·

168 1905 256 1962 ment
270 1896 349 1963 with
366 1898 420 1963 the
434 1898 564 1985 singing
578 1897 642 1963 and
657 1898 711 1963 the
725 1898 879 1985 speaking
896 1899 1002 1966 voice

209 1999 433 2082 Aristoxenus,
452 2000 582 2083 Horon,
605 2019 629 2066 1.
654 2001 670 2078 ἓ
690 2002 743 2085 28,
762 2023 794 2086 p.
815 2003 878 2085 9,ιι
897 2001 1018 2067 Meib.:
1050 2002 1110 2085 τὴν
1131 2003 1192 2088 μὲν
1215 2005 1272 2072 οὖν

167 2107 304 2190 συνεχῆ,
319 2101 461 2186 λογικὴν
476 2102 561 2168 εἶναί
576 2108 693 2188 φαμεν.
726 2101 967 2189 διαλεγομένων
977 2103 1042 2190 γὰρ
1054 2106 1156 2189 ἡμῶν,
1169 2106 1273 2179 οὕτως

167 2205 187 2285 ἡ
207 2203 298 2288 φωνὴ
315 2208 453 2269 κινεῖται
469 2202 556 2269 κατὰ
571 2199 685 2279 τόπον,
702 2203 789 2269 ὥστε
805 2203 958 2289 μηδαμοῦ
973 2204 1081 2272 δοκεῖν
1100 2206 1273 2275 ἵστασθαι.

168 2304 255 2371 κατά
272 2333 311 2390 γε
328 2305 388 2387 τὴν
406 2305 530 2391 ἑτέραν,
546 2306 588 2388 ἣν
606 2304 806 2391 ὀνομάζομεν
825 2305 1101 2392 διαστηματικήν,
1121 2309 1274 2383 ἐναντίως

166 2406 296 2492 πέφυκε
314 2407 499 2491 γίγνεσθαι.
530 2406 624 2473 ἀλλὰ
642 2405 707 2493 γάρ
728 2406 890 2475 ἵστασθαῖ
907 2434 943 2473 τε
961 2407 1059 2484 δοκεῖ,
1077 2410 1133 2476 καὶ
1152 2411 1274 2484 πάντες

166 2505 224 2573 τόν
241 2515 339 2576 τοῦτο
355 2503 551 2594 φαινόμενον
569 2513 676 2575 ποιεῖν
692 2507 803 2576 οὐκέτι
820 2508 932 2593 λέγειν
948 2509 1063 2595 φασίν,
1080 2511 1160 2577 ἀλλ’
1172 2511 1272 2602 ᾅδειν·

167 2606 282 2697 διόπερ
296 2613 330 2677 ἐν
345 2613 392 2698 τῷ
405 2609 620 2695 διαλέγεσθαι
633 2611 796 2697 φεύγομεν
811 2608 848 2676 τὸ
866 2611 1003 2678 ἑστάναι
1014 2611 1164 2699 (ἱστάναι
1179 2613 1273 2702 libb.)

166 2711 227 2794 τὴν
239 2711 375 2798 φωνήν,2
390 2714 430 2779 ἂν
443 2711 489 2797 μὴ
506 2711 559 2779 διὰ
576 2714 683 2785 πάθος
698 2712 780 2778 ποτὲ
796 2713 841 2784 εἰς
857 2713 1013 2794 τοιαύτην
1030 2714 1160 2796 κῖνησιν
1171 2718 1272 2802 ἀναγ-

168 2815 344 2899 κασθῶμεν
368 2816 487 2881 ε’λθεῖν·
512 2817 547 2881 ἐν
574 2814 608 2881 δὲ
631 2818 678 2903 τῷ
703 2814 864 2901 μελῳδεῖν
886 2816 1078 2883 τοῦτάντιον
1104 2825 1273 2904 ποιοῦμεν.

166 2913 204 2981 τό
225 2915 370 3003 μὲνγὰρ
394 2916 531 3005 συνεχὲς
554 2916 727 3002 φεύγομεν,
744 2914 781 2982 τὸ
803 2916 837 2982 δὲ
859 2917 996 2983 ἑστάναι
1015 2916 1076 3000 τὴν
1097 2919 1209 3005 φωνὴν
1230 2923 1273 2993 ὡς

165 3017 320 3101 μάλιστα
334 3017 586 3105 διώκομεν·ὅσφ
602 3019 666 3104 γὰρ
681 3023 816 3103 μᾶλλον
827 3018 972 3100 ἑκάστην
989 3023 1053 3087 τῶν
1065 3025 1183 3106 φωνῶν
1193 3021 1273 3107 μίαν

166 3145 204 3184 τε
227 3120 283 3186 καὶ
302 3119 480 3200 ἑστηκυῖαν
499 3121 556 3187 καὶ
574 3120 635 3202 τὴν
655 3120 759 3202 αὐτὴν
779 3119 973 3205 ποιήσομεν,
991 3121 1141 3208 τοσούτῳ
1160 3124 1271 3209 φαῖνε-

166 3247 223 3286 ται
235 3223 275 3306 τῇ
287 3220 444 3305 αἰσθήσει
459 3219 496 3287 τὸ
511 3220 613 3306 μέλος
624 3220 875 3307 ἀκριβέστερον.
907 3220 958 3288 ὅτι
968 3222 1029 3307 μὲν
1041 3222 1099 3291 δύο
1112 3224 1273 3308 κινήσεων

166 3323 276 3388 οῦσῶν
289 3322 375 3388 κατὰ
390 3319 494 3389 τόπον
505 3329 564 3406 τῆς
576 3328 696 3409 φωνῆς,
708 3323 729 3404 ἡ
740 3322 801 3407 μὲν
813 3323 957 3412 συνεχὴς
968 3325 1091 3408 λογική
1107 3325 1158 3399 τῖς
1170 3328 1273 3403 ε’στιν,

166 3425 187 3505 ἡ
203 3422 238 3490 δὲ
254 3423 498 3509 διαστηματικὴ
513 3423 693 3510 μελῳδική,
706 3421 828 3512 σχεδὸν
840 3423 943 3507 δῆλον
955 3427 992 3492 ε’κ
1007 3430 1073 3493 τῶν
1085 3427 1272 3513 εἰρημένων.

211 3524 300 3591 Here
318 3525 394 3590 then
413 3526 471 3592 lies
489 3527 544 3592 the
560 3525 770 3613 justification
786 3525 837 3590 for
851 3527 1015 3613 attaching
1030 3527 1225 3615 importanoe
1239 3538 1273 3598 io

167 3628 221 3692 the
236 3627 357 3693 motion
372 3628 410 3693 of
421 3628 475 3694 the
492 3629 579 3695 voioe
596 3627 659 3694 and
676 3627 727 3693 for
741 3627 912 3714 analyzing
927 3629 953 3693 it
967 3630 1001 3694 in
1017 3631 1072 3696 the
1082 3654 1155 3717 way
1167 3632 1271 3698 whioh

168 3729 380 3796 Aristoxenus
404 3730 489 3797 does.
538 3730 609 3796 The
632 3730 756 3797 Greeks
780 3752 860 3796 were
885 3754 963 3818 very
986 3733 1137 3799 sensitive
1160 3742 1194 3800 to
1218 3734 1273 3800 the

166 3831 304 3918 changes
322 3832 357 3896 in
374 3833 462 3918 pitoh
483 3832 586 3898 whioh
604 3854 796 3919 aooompany
811 3832 865 3898 the
882 3833 1003 3920 spoken
1020 3843 1172 3902 sentenee.
1209 3835 1272 3904 We

201 4149 259 4206 ¹Gs.
271 4151 428 4219 Bryonnius,
440 4167 485 4207 111.
495 4169 522 4220 p.
534 4152 696 4208 375Wallis
991 4153 1137 4223 'Compare
1147 4172 1175 4223 p.
1186 4155 1239 4209 11⁹.
