2880 5032
696 387 738 452 29

92 662 95 669 ,
163 587 312 676 περιέχει
336 586 482 653 κατὰτὸ
506 586 672 672 σύστημα.
719 584 786 653 ὁδὲ
806 582 962 672 φθόγγος,
979 587 1014 652 ἐν
1029 613 1062 652 τι
1076 585 1174 672 μέρος
1192 589 1269 653 ἐλο-

163 717 284 779 χιστον
295 689 339 757 ὢν
350 696 410 757 τοῦ
420 689 551 775 μέλους,
563 691 599 772 ἐξ
610 688 756 773 ιἰνάγιιης
769 688 826 755 ιιαὶ
839 688 898 770 τὴν
911 686 961 773 ἐφ’
969 685 1085 755 ἑαυτὸν
1096 687 1271 773 γενομένην

164 795 296 859 πτῶσιν
313 791 392 876 μίαν
410 791 482 880 ἔχει
485 841 626 858 .....
651 789 732 875 ὅπερ
752 790 809 856 οὖν
828 791 920 875 παρὰ
936 794 1004 861 τοῖς
1015 788 1273 875 Ἀριστοξενίοις

163 893 320 975 ἀπεδόθη,
337 891 374 959 τὸ
391 892 474 960 εἶναι
489 890 546 958 τὸν
562 888 710 978 φθόγγον
726 895 836 978 φωνῆς
855 893 1016 976 ἐμμελοῦς
1034 895 1166 958 πτῶσιν
1186 891 1272 958 κατὰ

163 995 242 1080 μίαν
260 995 359 1062 τάσιν
378 993 606 1080 ἐκφερομένην,
626 998 724 1061 τοῦτο
744 993 965 1078 μετειληπτοι
985 993 1031 1065 ει’ς
1051 991 1089 1058 τὸ
1112 992 1196 1060 εἶναι
1216 990 1272 1060 τόν

165 1093 313 1182 φθόγγον
327 1093 446 1183 ψόφον
461 1096 519 1162 ἕνα
535 1096 591 1162 καὶ
608 1092 665 1161 τὸν
681 1092 781 1161 αὐτὸν
796 1092 962 1183 ἐπέχοντα
977 1090 1082 1161 τόνον.

208 1198 366 1265 Aristides
384 1197 619 1280 Quintilianus,
636 1198 674 1260 de
691 1197 819 1280 musico,
835 1219 868 1282 p.
886 1199 935 1279 9,ι
946 1196 1068 1262 Meib.:
1098 1201 1195 1262 πᾶσοι
1213 1200 1273 1281 μὲν

165 1299 221 1366 οὖν
236 1300 331 1384 ἁπλῆ
348 1300 476 1380 κίνησις
492 1302 611 1385 φωνῆς,
624 1298 732 1371 τάσις.
763 1299 783 1381 ἡ
797 1297 831 1364 δὲ
843 1301 901 1382 τῆς
915 1297 1111 1384 μελῳδιιιῆς,
1127 1297 1274 1384 φθόγγος

166 1401 254 1474 ἰδίως
271 1406 436 1468 καλεῖται.

207 1503 306 1588 1όὶά.,
322 1527 354 1591 p.
372 1507 402 1588 9,
409 1530 449 1571 ιτι
472 1500 619 1590 φθόγγος
636 1502 697 1588 μὲν
712 1502 769 1569 οὖν
785 1503 858 1568 ἐστι
874 1505 984 1588 φωνῆς
1000 1503 1161 1587 ἐμμελοῦς
1175 1501 1273 1592 μέρος

165 1606 361 1694 ἐλάχιστον.

209 1706 375 1774 Cleonides
396 1706 686 1796 (Pseudo-Euclid)
707 1706 774 1772 also
794 1729 864 1773 uses
884 1706 983 1778 τάσις
1001 1706 1037 1770 in
1057 1705 1113 1772 the
1133 1728 1219 1772 sense
1240 1706 1278 1772 of

163 1832 182 1875 a
203 1810 336 1876 musical
356 1809 469 1876 sound.
507 1809 604 1874 Alter
621 1808 762 1895 defining
781 1809 835 1875 the
853 1808 982 1889 κίνησις
1000 1814 1112 1895 φωνῆς
1129 1807 1273 1897 συνεχής

163 1911 227 1977 and
246 1911 492 1995 διοστηιιατιιιῆ
511 1912 546 1977 in
564 1912 620 1976 the
637 1934 723 1976 same
740 1919 838 1977 terms
856 1934 891 1976 as
907 1911 1130 1990 Aristoxenus,
1148 1910 1187 1975 he
1201 1933 1273 1995 says

164 2014 303 2102 (introd,
316 2016 347 2096 2,
359 2037 390 2101 p.
405 2016 425 2078 2
438 2013 538 2079 Meib.
553 2012 597 2101 (p.
613 2016 676 2079 180
688 2013 734 2079 Κ.
743 2036 776 2079 v.
784 2013 806 2079 J
808 2011 845 2100 ))
857 2013 928 2078 that
941 2012 997 2078 the
1008 2021 1085 2078 rests
1097 2011 1226 2098 (μοναί)
1239 2012 1272 2077 in

165 2116 220 2182 the
239 2116 334 2182 latter
353 2117 475 2182 motion
494 2138 547 2182 are
561 2114 665 2181 called
681 2115 803 2191 τάσεις,
819 2114 883 2180 and
898 2115 1073 2198 continues,
1091 2119 1272 2182 καλοῦνται

166 2217 201 2284 δὲ
216 2219 254 2285 αἱ
267 2218 381 2291 τάσεις
398 2218 455 2284 καὶ
472 2212 626 2303 φθόγγοι.

210 2320 420 2403 Gaudentius,
433 2320 617 2385 harmonion
627 2319 824 2403 introductio,
838 2320 868 2401 2,
881 2342 913 2405 p.
929 2321 949 2384 3
966 2318 1068 2385 Meib.
1084 2317 1128 2406 (p.
1145 2320 1209 2384 329
1225 2318 1272 2386 Κ.

166 2446 199 2489 v.
218 2422 285 2510 J)
309 2419 453 2508 φθόγγος
472 2421 507 2488 δέ
522 2424 595 2488 ἐστι
611 2425 721 2506 φωνῆς
736 2425 867 2493 πτῶσις
882 2420 939 2488 ἐπὶ
953 2420 1033 2504 μίαν
1048 2419 1157 2487 τάσιν·
1176 2421 1274 2493 τάσις

167 2523 202 2590 δὲ
218 2524 301 2609 μονὴ
321 2525 378 2591 sal
396 2523 518 2596 στάσις
533 2529 591 2606 τῆς
610 2529 730 2609 φωνῆς.
769 2521 849 2589 όταν
867 2522 924 2588 οὖν
941 2523 961 2604 ἡ
981 2520 1072 2607 φωνὴ
1092 2521 1178 2588 κατὰ
1195 2520 1275 2606 μίαν

166 2626 265 2692 τάσιν
281 2625 418 2692 ἑστάναι
431 2621 520 2711 δόξῃ,
533 2620 609 2690 τότε
624 2624 733 2710 φαμὲν
749 2619 897 2710 φθόγγον
913 2623 997 2690 εἶναι
1009 2622 1069 2706 τῆν
1081 2622 1193 2709 φωνὴν
1205 2623 1274 2690 οἷον

167 2727 213 2800 εἰς
227 2727 329 2813 μέλος
345 2725 538 2793 τάττεσθαι.

210 2829 304 2895 Some
326 2829 365 2895 of
381 2828 434 2894 the
456 2827 587 2894 authors
609 2827 648 2892 of
664 2829 806 2894 treatises
830 2827 952 2913 modify
973 2828 1028 2892 the
1049 2826 1216 2893 definition
1240 2827 1274 2893 ol

167 2931 380 2996 Aristoxenus
410 2930 453 3015 by
480 2929 601 3016 adding
627 2929 782 3014 ἐρρελής,
809 2952 844 2995 as
874 2929 1047 3015 Porphyry
1074 2928 1136 3015 (soe
1164 2929 1274 3011 above,

166 3057 199 3120 p.
217 3034 273 3121 28)
291 3041 413 3119 reporta
434 3032 489 3097 the
506 3032 756 3097 Aristoxeneans
777 3040 811 3097 to
832 3031 915 3099 have
936 3031 1027 3097 done.

211 3135 376 3217 Baoohius,
387 3135 502 3200 ιἰιίιοά.
519 3135 597 3199 artie
614 3156 703 3217 ηιιιο,
719 3152 743 3200 1.
760 3136 790 3218 4,
806 3157 861 3221 pp.
880 3139 909 3216 1,
927 3136 946 3197 2
966 3133 1066 3199 Meib.
1083 3131 1128 3219 (p.
1146 3135 1210 3219 292
1226 3134 1273 3201 K.

167 3261 199 3304 v.
215 3236 262 3323 J.)
275 3263 283 3302 ι
306 3232 460 3321 Φθόγγος
473 3235 507 3302 δὲ
520 3233 668 3303 καθόλου
680 3236 713 3303 τι’
724 3238 796 3302 ἐστι
809 3264 819 3312 ,·
843 3239 960 3318 Φωνῆς
972 3237 1133 3321 ἐμμελοῦς
1144 3240 1275 3309 πτῶσις

165 3339 222 3406 ἐπὶ
244 3339 323 3424 μίαν
346 3338 455 3405 τάσιν.
493 3337 553 3418 μία
575 3336 640 3422 γὰρ
663 3337 761 3409 τάσις
784 3339 817 3403 ἐν
840 3340 932 3423 φωνῆ
953 3338 1124 3423 ληφθεῖσα
1146 3339 1273 3423 ἐμμελῆ

167 3438 317 3527 φθόγγον
332 3441 501 3506 ἀποτελεῖ.

210 3542 377 3610 Cleonides
387 3539 616 3629 (Pa-nucha),
626 3541 752 3626 harod,
761 3543 791 3606 1.
801 3564 833 3628 p.
846 3544 862 3606 1
876 3541 975 3607 Meib.
984 3539 1029 3627 (p.
1039 3541 1102 3607 179
1112 3540 1199 3608 K.v.
1210 3540 1272 3627 J)

166 3643 312 3732 φθόγγος
326 3644 387 3729 μὲν
403 3644 460 3710 οὖν
475 3646 549 3710 ἐστι
565 3649 676 3730 φωνῆς
691 3646 821 3714 πτῶσις
837 3642 980 3727 ἐμμελὴς
996 3643 1052 3710 ἐπὶ
1067 3642 1147 3728 μίαν
1162 3643 1272 3709 τάσιν.

210 3745 534 3832 Bryennius,l1orm.,
558 3765 582 3812 1.
606 3746 663 3828 iv.,
684 3769 716 3832 p.
740 3745 833 3828 377,2
854 3744 990 3812 Wallis:
1022 3743 1175 3829 Φθόγγος
1198 3742 1273 3809 ἐστὶ

164 3854 275 3935 φωνῆς
293 3851 423 3920 πτῶσις
438 3846 582 3932 ἐμμελὴς
597 3847 654 3913 ἐπὶ
668 3847 748 3931 μίαν
762 3846 872 3922 τάσιν,
888 3845 963 3928 ἤτοι
979 3843 1071 3931 φωνῆ
1088 3844 1271 3930 διοστημοι-

168 3951 258 4033 τιιιῆ.

208 4052 278 4118 The
300 4051 444 4117 addition
467 4050 505 4117 of
522 4050 576 4116 the
598 4051 685 4116 word
706 4049 851 4135 ἐμμελής
871 4049 1051 4116 introduces
1070 4072 1113 4115 an
1134 4048 1271 4115 element

164 4153 270 4222 which
294 4155 369 4221 does
392 4161 450 4220 not
474 4153 576 4239 really
593 4152 711 4240 belong
734 4160 768 4218 to
793 4151 847 4217 the
873 4152 982 4218 notion
1006 4151 1045 4218 of
1064 4151 1119 4217 the
1139 4150 1273 4218 musioal
